<?xml version="1.0" encoding="UTF-8"?>
  <record xmlns="http://www.loc.gov/MARC21/slim" type="Authority">
    <leader>00000nz  a2200000nc 4500</leader>
    <controlfield tag="001">118711563</controlfield>
    <controlfield tag="003">DE-101</controlfield>
    <controlfield tag="005">20220721175639.0</controlfield>
    <controlfield tag="008">880701n||azznnaabn           | aaa    |c</controlfield>
    <datafield tag="024" ind1="7" ind2=" ">
      <subfield code="a">118711563</subfield>
      <subfield code="0">http://d-nb.info/gnd/118711563</subfield>
      <subfield code="2">gnd</subfield>
    </datafield>
    <datafield tag="035" ind1=" " ind2=" ">
      <subfield code="a">(DE-101)118711563</subfield>
    </datafield>
    <datafield tag="035" ind1=" " ind2=" ">
      <subfield code="a">(DE-588)118711563</subfield>
    </datafield>
    <datafield tag="035" ind1=" " ind2=" ">
      <subfield code="z">(DE-588a)118711563</subfield>
      <subfield code="9">v:zg</subfield>
    </datafield>
    <datafield tag="035" ind1=" " ind2=" ">
      <subfield code="z">(DE-588c)4096425-5</subfield>
      <subfield code="9">v:zg</subfield>
    </datafield>
    <datafield tag="040" ind1=" " ind2=" ">
      <subfield code="a">DE-101</subfield>
      <subfield code="c">DE-101</subfield>
      <subfield code="9">r:DE-101</subfield>
      <subfield code="b">ger</subfield>
      <subfield code="d">9999</subfield>
      <subfield code="e">rda</subfield>
    </datafield>
    <datafield tag="042" ind1=" " ind2=" ">
      <subfield code="a">gnd1</subfield>
    </datafield>
    <datafield tag="043" ind1=" " ind2=" ">
      <subfield code="c">XA-FR</subfield>
    </datafield>
    <datafield tag="065" ind1=" " ind2=" ">
      <subfield code="a">3.6p</subfield>
      <subfield code="2">sswd</subfield>
    </datafield>
    <datafield tag="065" ind1=" " ind2=" ">
      <subfield code="a">16.1p</subfield>
      <subfield code="2">sswd</subfield>
    </datafield>
    <datafield tag="075" ind1=" " ind2=" ">
      <subfield code="b">p</subfield>
      <subfield code="2">gndgen</subfield>
    </datafield>
    <datafield tag="075" ind1=" " ind2=" ">
      <subfield code="b">piz</subfield>
      <subfield code="2">gndspec</subfield>
    </datafield>
    <datafield tag="079" ind1=" " ind2=" ">
      <subfield code="a">g</subfield>
      <subfield code="q">a</subfield>
      <subfield code="q">f</subfield>
      <subfield code="q">n</subfield>
      <subfield code="q">s</subfield>
      <subfield code="u">v</subfield>
      <subfield code="u">w</subfield>
    </datafield>
    <datafield tag="100" ind1="0" ind2=" ">
      <subfield code="a">Jakob</subfield>
      <subfield code="c">von Vitry, Kardinal</subfield>
      <subfield code="d">1165-1240</subfield>
    </datafield>
    <datafield tag="375" ind1=" " ind2=" ">
      <subfield code="a">1</subfield>
      <subfield code="2">iso5218</subfield>
    </datafield>
    <datafield tag="400" ind1="0" ind2=" ">
      <subfield code="a">Jacobus</subfield>
      <subfield code="c">de Vitriaco, Kardinal</subfield>
      <subfield code="d">1165-1240</subfield>
    </datafield>
    <datafield tag="400" ind1="0" ind2=" ">
      <subfield code="a">Jacques</subfield>
      <subfield code="c">de Vitry, Kardinal</subfield>
      <subfield code="d">1165-1240</subfield>
    </datafield>
    <datafield tag="400" ind1="0" ind2=" ">
      <subfield code="a">Jacobus</subfield>
      <subfield code="c">Vitriacus, Kardinal</subfield>
      <subfield code="d">1165-1240</subfield>
    </datafield>
    <datafield tag="400" ind1="0" ind2=" ">
      <subfield code="a">Jacobus</subfield>
      <subfield code="c">Acconensis, Kardinal</subfield>
      <subfield code="d">1165-1240</subfield>
    </datafield>
    <datafield tag="400" ind1="0" ind2=" ">
      <subfield code="a">Jacobus</subfield>
      <subfield code="c">Episcopus, Kardinal</subfield>
      <subfield code="d">1165-1240</subfield>
    </datafield>
    <datafield tag="400" ind1="0" ind2=" ">
      <subfield code="a">Jacques</subfield>
      <subfield code="c">de Saint-Jean-d'Acre, Kardinal</subfield>
      <subfield code="d">1165-1240</subfield>
    </datafield>
    <datafield tag="400" ind1="0" ind2=" ">
      <subfield code="a">Jacobus</subfield>
      <subfield code="c">Vitriacensis, Kardinal</subfield>
      <subfield code="d">1165-1240</subfield>
    </datafield>
    <datafield tag="400" ind1="0" ind2=" ">
      <subfield code="a">Jacobus</subfield>
      <subfield code="c">Achonensis, Kardinal</subfield>
      <subfield code="d">1165-1240</subfield>
    </datafield>
    <datafield tag="400" ind1="0" ind2=" ">
      <subfield code="a">Jacobus</subfield>
      <subfield code="c">de Vitreio, Kardinal</subfield>
      <subfield code="d">1165-1240</subfield>
    </datafield>
    <datafield tag="400" ind1="0" ind2=" ">
      <subfield code="a">Jacobus</subfield>
      <subfield code="c">Tusculanus Ptolemaidis, Kardinal</subfield>
      <subfield code="d">1165-1240</subfield>
    </datafield>
    <datafield tag="400" ind1="0" ind2=" ">
      <subfield code="a">Jacobus</subfield>
      <subfield code="c">Cardinalis, Kardinal</subfield>
      <subfield code="d">1165-1240</subfield>
    </datafield>
    <datafield tag="400" ind1="0" ind2=" ">
      <subfield code="a">Iacobus</subfield>
      <subfield code="c">de Vitriaco, Kardinal</subfield>
      <subfield code="d">1165-1240</subfield>
    </datafield>
    <datafield tag="400" ind1="1" ind2=" ">
      <subfield code="a">Vitry, Giacomo &#152;da&#156;</subfield>
      <subfield code="d">1165-1240</subfield>
    </datafield>
    <datafield tag="400" ind1="0" ind2=" ">
      <subfield code="a">Giacomo</subfield>
      <subfield code="c">da Vitry</subfield>
      <subfield code="d">1165-1240</subfield>
    </datafield>
    <datafield tag="400" ind1="1" ind2=" ">
      <subfield code="a">Vitriaco, Jacobus &#152;de&#156;</subfield>
      <subfield code="d">1165-1240</subfield>
    </datafield>
    <datafield tag="400" ind1="1" ind2=" ">
      <subfield code="a">Vitriaco, Iacobus &#152;de&#156;</subfield>
      <subfield code="d">1165-1240</subfield>
    </datafield>
    <datafield tag="400" ind1="1" ind2=" ">
      <subfield code="a">Vitry, Jacques &#152;de&#156;</subfield>
      <subfield code="d">1165-1240</subfield>
    </datafield>
    <datafield tag="400" ind1="1" ind2=" ">
      <subfield code="a">Vitry, Jacob &#152;von&#156;</subfield>
      <subfield code="d">1165-1240</subfield>
    </datafield>
    <datafield tag="400" ind1="1" ind2=" ">
      <subfield code="a">Vitry, Jakob &#152;von&#156;</subfield>
      <subfield code="d">1165-1240</subfield>
    </datafield>
    <datafield tag="400" ind1="0" ind2=" ">
      <subfield code="a">Jacobus</subfield>
      <subfield code="c">Vitriacensis</subfield>
      <subfield code="d">1165-1240</subfield>
    </datafield>
    <datafield tag="400" ind1="0" ind2=" ">
      <subfield code="a">Jacobus</subfield>
      <subfield code="c">Achonensis</subfield>
      <subfield code="d">1165-1240</subfield>
    </datafield>
    <datafield tag="400" ind1="0" ind2=" ">
      <subfield code="a">Jacobus</subfield>
      <subfield code="c">de Vitreio</subfield>
      <subfield code="d">1165-1240</subfield>
    </datafield>
    <datafield tag="400" ind1="0" ind2=" ">
      <subfield code="a">Jacobus</subfield>
      <subfield code="c">Tusculanus Ptolemaidis</subfield>
      <subfield code="d">1165-1240</subfield>
    </datafield>
    <datafield tag="400" ind1="0" ind2=" ">
      <subfield code="a">Jacobus</subfield>
      <subfield code="c">Cardinalis</subfield>
      <subfield code="d">1165-1240</subfield>
    </datafield>
    <datafield tag="400" ind1="0" ind2=" ">
      <subfield code="a">Jacobus</subfield>
      <subfield code="c">de Vitriaco</subfield>
      <subfield code="d">1165-1240</subfield>
    </datafield>
    <datafield tag="400" ind1="0" ind2=" ">
      <subfield code="a">Jacobus</subfield>
      <subfield code="c">Acconensis</subfield>
      <subfield code="d">1165-1240</subfield>
    </datafield>
    <datafield tag="400" ind1="0" ind2=" ">
      <subfield code="a">Jakob</subfield>
      <subfield code="c">von Vitry</subfield>
      <subfield code="d">1165-1240</subfield>
    </datafield>
    <datafield tag="400" ind1="0" ind2=" ">
      <subfield code="a">Jacques</subfield>
      <subfield code="c">of Vitry</subfield>
      <subfield code="d">1165-1240</subfield>
    </datafield>
    <datafield tag="400" ind1="0" ind2=" ">
      <subfield code="a">Jacobus</subfield>
      <subfield code="c">Vitriacus</subfield>
      <subfield code="d">1165-1240</subfield>
    </datafield>
    <datafield tag="400" ind1="0" ind2=" ">
      <subfield code="a">Jacobus</subfield>
      <subfield code="c">Episcopus</subfield>
      <subfield code="d">1165-1240</subfield>
    </datafield>
    <datafield tag="400" ind1="0" ind2=" ">
      <subfield code="a">Jacques</subfield>
      <subfield code="c">de Saint-Jean-d'Acre</subfield>
      <subfield code="d">1165-1240</subfield>
    </datafield>
    <datafield tag="400" ind1="0" ind2=" ">
      <subfield code="a">Jacques</subfield>
      <subfield code="c">de Vitry</subfield>
      <subfield code="d">1165-1240</subfield>
    </datafield>
    <datafield tag="510" ind1="2" ind2=" ">
      <subfield code="0">(DE-101)957883668</subfield>
      <subfield code="0">(DE-588)2180420-5</subfield>
      <subfield code="0">https://d-nb.info/gnd/2180420-5</subfield>
      <subfield code="a">Augustinerchorherren</subfield>
      <subfield code="4">affi</subfield>
      <subfield code="4">https://d-nb.info/standards/elementset/gnd#affiliation</subfield>
      <subfield code="w">r</subfield>
      <subfield code="i">Affiliation</subfield>
      <subfield code="e">Affiliation</subfield>
    </datafield>
    <datafield tag="548" ind1=" " ind2=" ">
      <subfield code="a">XX.XX.1165-01.05.1240</subfield>
      <subfield code="4">datx</subfield>
      <subfield code="4">https://d-nb.info/standards/elementset/gnd#dateOfBirthAndDeath</subfield>
      <subfield code="w">r</subfield>
      <subfield code="i">Exakte Lebensdaten</subfield>
    </datafield>
    <datafield tag="548" ind1=" " ind2=" ">
      <subfield code="a">1165-1240</subfield>
      <subfield code="4">datl</subfield>
      <subfield code="4">https://d-nb.info/standards/elementset/gnd#dateOfBirthAndDeath</subfield>
      <subfield code="w">r</subfield>
      <subfield code="i">Lebensdaten</subfield>
      <subfield code="9">v:Geburtsjahr ca., auch 1170</subfield>
    </datafield>
    <datafield tag="550" ind1=" " ind2=" ">
      <subfield code="0">(DE-101)04163313X</subfield>
      <subfield code="0">(DE-588)4163313-1</subfield>
      <subfield code="0">https://d-nb.info/gnd/4163313-1</subfield>
      <subfield code="a">Kardinal</subfield>
      <subfield code="4">berc</subfield>
      <subfield code="4">https://d-nb.info/standards/elementset/gnd#professionOrOccupation</subfield>
      <subfield code="w">r</subfield>
      <subfield code="i">Charakteristischer Beruf</subfield>
    </datafield>
    <datafield tag="550" ind1=" " ind2=" ">
      <subfield code="0">(DE-101)041554302</subfield>
      <subfield code="0">(DE-588)4155430-9</subfield>
      <subfield code="0">https://d-nb.info/gnd/4155430-9</subfield>
      <subfield code="a">Geschichtsschreiber</subfield>
      <subfield code="4">beru</subfield>
      <subfield code="4">https://d-nb.info/standards/elementset/gnd#professionOrOccupation</subfield>
      <subfield code="w">r</subfield>
      <subfield code="i">Beruf</subfield>
    </datafield>
    <datafield tag="551" ind1=" " ind2=" ">
      <subfield code="0">(DE-101)040504719</subfield>
      <subfield code="0">(DE-588)4050471-2</subfield>
      <subfield code="0">https://d-nb.info/gnd/4050471-2</subfield>
      <subfield code="a">Rom</subfield>
      <subfield code="4">orts</subfield>
      <subfield code="4">https://d-nb.info/standards/elementset/gnd#placeOfDeath</subfield>
      <subfield code="w">r</subfield>
      <subfield code="i">Sterbeort</subfield>
    </datafield>
    <datafield tag="667" ind1=" " ind2=" ">
      <subfield code="a">Geburtsjahr zwischen 1160 und 1170</subfield>
    </datafield>
    <datafield tag="667" ind1=" " ind2=" ">
      <subfield code="a">Quelle: DNB-Normdaten</subfield>
    </datafield>
    <datafield tag="667" ind1=" " ind2=" ">
      <subfield code="a">VD-17</subfield>
    </datafield>
    <datafield tag="670" ind1=" " ind2=" ">
      <subfield code="a">Brockhaus-Online</subfield>
      <subfield code="b">Stand: 19.12.2014</subfield>
      <subfield code="u">https://bsb.brockhaus-wissensservice.com/brockhaus/jakob-von-vitry</subfield>
    </datafield>
    <datafield tag="670" ind1=" " ind2=" ">
      <subfield code="a">LCAuth/GND</subfield>
    </datafield>
    <datafield tag="672" ind1=" " ind2="0">
      <subfield code="a">Historia orientalis et occidentalis</subfield>
      <subfield code="f">1597</subfield>
    </datafield>
    <datafield tag="672" ind1=" " ind2="0">
      <subfield code="a">Sermones in epistolas &amp; evangelia dominicalia totius anni</subfield>
      <subfield code="f">1575</subfield>
    </datafield>
    <datafield tag="672" ind1=" " ind2="0">
      <subfield code="a">The Exempla or illustrative stories from the Sermones vulgares</subfield>
      <subfield code="f">1890</subfield>
    </datafield>
    <datafield tag="672" ind1=" " ind2="0">
      <subfield code="a">Die Exempla aus den Sermones feriales et communes</subfield>
      <subfield code="f">1914</subfield>
    </datafield>
    <datafield tag="678" ind1=" " ind2=" ">
      <subfield code="b">Franz. Chronist und Prediger; Bischof von Akkon; Kardinalbischof von Tusculum; Kardinaldekan; bedeutender Geschichtsschreiber für die Geschichte des Heiligen Landes und des 5. Kreuzzuges</subfield>
    </datafield>
    <datafield tag="913" ind1=" " ind2=" ">
      <subfield code="S">pnd</subfield>
      <subfield code="i">5</subfield>
      <subfield code="a">Jacobus &lt;de Vitriaco&gt;</subfield>
      <subfield code="0">(DE-588a)118711563</subfield>
    </datafield>
    <datafield tag="913" ind1=" " ind2=" ">
      <subfield code="S">pnd</subfield>
      <subfield code="i">5</subfield>
      <subfield code="a">Jakob &lt;von Vitry&gt;</subfield>
      <subfield code="0">(DE-588a)118711563</subfield>
    </datafield>
  </record>
